@book{profcpp11,
    author    = "Marc Gregoire and Nicholas A. Solter and Scott J. Kleper",
    title     = "Professional C++",
    year      = "Oct 4, 2011",
    publisher = "Wrox",
    address   = "UK"
}
@book{compgeo08,
    author    = "Mark de Berg and Otfried Cheong and Marc van Kreveld and Mark Overmars",
    title     = "Computational Geometry - Algorithms and Applications, Third Edition",
    year      = "2008",
    publisher = "Springer",
    address   = "Germany"
}

